@online{discordwebrtc,
  title = {How Discord Handles Two and Half Million Concurrent Voice Users using WebRTC},
  publisher = {Discord},
  year = {2018},
  author = {Jozsef Vass},
  url = {https://blog.discord.com/how-discord-handles-two-and-half-million-concurrent-voice-users-using-webrtc-ce01c3187429}
}

@online{discordscaling,
  title = {How Discord Scaled Elixir to 5,000,000 Concurrent Users},
  publisher = {Discord},
  year = {2017},
  author = {Stanislav Vishnevskiy},
  url = {https://blog.discord.com/scaling-elixir-f9b8e1e7c29b}
}

@online{discordapireference,
  title = {Discord API Reference},
  publisher = {Discord},
  author = {Discord},
  url = {https://discord.com/developers/docs/reference}
}


@online{discorddocsguild,
  title = {Discord Guild Resource},
  publisher = {Discord},
  author = {Discord},
  url = {https://discord.com/developers/docs/resources/guild}
}

@online{soa,
  title = {What Is Service-Oriented Architecture?},
  publisher = {Medium},
  year = {2019},
  author = {Software Development Community},
  url = {https://medium.com/@SoftwareDevelopmentCommunity/what-is-service-oriented-architecture-fa894d11a7ec}
}

@online{webrtc,
  title = {WebRTC API},
  publisher = {Mozilla},
  year = {2021},
  author = {MDN},
  url = {https://developer.mozilla.org/en-US/docs/Web/API/WebRTC_API}
}

@online{webrtcprotocols,
  title = {Introduction to WebRTC protocols},
  publisher = {Mozilla},
  year = {2021},
  author = {MDN},
  url = {https://developer.mozilla.org/en-US/docs/Web/API/WebRTC_API/Protocols}
}

@online{zoom,
  title = {Zoom Video Conferencing App: Features, Tech Stack, Monetization, Cost},
  publisher = {Konstant Inforsolutions},
  year = {2021},
  author = {Manish Jain},
  url = {https://www.konstantinfo.com/blog/zoom-video-conferencing-app/}
}

@online{vonageapi,
  title = {Vonage API},
  publisher = {Vonage},
  author = {Vonage},
  url = {https://www.vonage.com/communications-apis/video/}
}

@online{mumble,
  title = {Mumble},
  publisher = {Mumble},
  author = {Mumble},
  url = {https://www.mumble.info/}
}

@online{mumbleprotocol,
  title = {Mumble Protocol Documentation},
  publisher = {Mumble},
  year = {2012},
  author = {Mumble},
  url = {https://mumble-protocol.readthedocs.io/en/latest/index.html}
}

@online{mumblevoicedata,
  title = {Mumble Voice Data},
  publisher = {Mumble},
  year = {2012},
  author = {Mumble},
  url = {https://mumble-protocol.readthedocs.io/en/latest/voice_data.html}
}

@online{githubactionsdocs,
  title = {GitHub Actions},
  publisher = {GitHub},
  year = {2021},
  author = {GitHub},
  url = {https://docs.github.com/en/actions}
}

@book{raj13,
    author    = {VÃ¡clav Rajlich},
    title     = {Software Engineering: The Current Practice},
    year      = {2011},
    publisher = {Chapman and Hall/CRC},
    ISBN   = {978-1439841228}
}

@online{githubprojects,
  title = {Project management, made simple},
  publisher = {GitHub},
  author = {GitHub},
  url = {https://github.com/features/project-management/}
}

@online{domaindrivendesign,
  title = {Domain-Driven Design: What is it and how do you use it?},
  publisher = {Airbrake},
  year = {2017},
  author = {Airbrake},
  url = {https://airbrake.io/blog/software-design/domain-driven-design}
}

@online{jmeter,
  title = {Apache JMeter},
  publisher = {Apache},
  author = {Apache},
  url = {https://airbrake.io/blog/software-design/domain-driven-design}
}

@online{webrtc-server,
  title = {WebRTC Servers and Multiparty Communication in WebRTC},
  publisher = {Ant Media},
  year = {2021},
  author = {burak},
  url = {https://antmedia.io/webrtc-servers/}
}

@online{express,
  title = {Express},
  publisher = {OpenJS Foundation},
  year = {2017},
  author = {OpenJS},
  url = {https://expressjs.com/}
}

@online{expresscors,
  title = {JSON},
  publisher = {OpenJS Foundation},
  year = {2017},
  author = {OpenJS},
  url = {http://expressjs.com/en/resources/middleware/cors.html}
}

@online{expressapi,
  title = {4.x API},
  publisher = {OpenJS Foundation},
  year = {2017},
  author = {OpenJS},
  url = {http://expressjs.com/en/api.html}
}

@online{expresscookies,
  title = {Cookie Parser},
  publisher = {OpenJS Foundation},
  year = {2017},
  author = {OpenJS},
  url = {http://expressjs.com/en/resources/middleware/cookie-parser.html}
}

@online{socketio,
  title = {Socket.io},
  publisher = {Socket.io},
  author = {Socket.io},
  url = {https://socket.io/}
}

@online{axios,
  title = {Axios},
  publisher = {Axios},
  author = {Axios},
  url = {https://github.com/axios/axios}
}

@online{mysql2,
  title = {MySQL2},
  publisher = {MySQL2},
  author = {MySQL2},
  url = {https://www.npmjs.com/package/mysql2}
}

@online{sourcecode,
    title = {CoffeeBreak Source Code},
    publisher = {GitHub},
    author = {Frederik B. Roth, Marcus L. Jensen},
    year = {2021},
    url = {https://github.com/CoffeeBreak-Architecture/}
}

@online{kubernetes,
    title = {Kubernetes},
    publisher = {Kubernetes},
    author = {Kubernetes},
    url = {https://kubernetes.io/}
}

@online{kubernetes-settings,
    title = {CoffeeBreak Source Code},
    publisher = {GitHub},
    author = {Frederik B. Roth, Marcus L. Jensen},
    year = {2021},
    url = {https://github.com/CoffeeBreak-Architecture/Configuration-Files/tree/main/Kubernetes\%20Config\%20Files}
}


